@book{sample-book,
  author    = {John Doe},
  title     = {Sample Book Title},
  year      = {2024},
  publisher = {Sample Publisher},
}
